@techreport{ngmn_5g_white_paper,
	title       = {5{G} White Paper},
	author      = {Rachid El Hattachi and Javan Erfanian},
	group       = {NGMN Alliance},
	year        = {2015},
	month       = {02}
}

@techreport{5g+_discussion_paper,
	title       = {Connected world: An evolution in connectivity beyond the 5{G} revolution},
	author      = {Ferry Grijpink and Eric Kutcher and Alexandre Ménard and	Sree Ramaswamy and	Davide Schiavotto and James Manyika and Michael Chui and Rob Hamill and Emir Okan},
	group       = {McKinsey Global Institute},
	year        = {2020},
	month       = {02}
}

@book{can_book,
	author      = {S. S. {Mwanje} and Christian Mannweiler},
	title       = {Towards Cognitive Autonomous Networks: Network Management Automation for 5G and Beyond},
	publisher   = {Wiley},
	year        = {2020}
}

@article{bloom_taxonomy,
	title       = {Bloom’s Taxonomy of Cognitive Learning Objectives},
	author      = {Nancy E. Adams},
	journal     = {Journal of Medical Library Association},
	volume      = {103},
	pages       = {152-153},
	year        = {2015}	
}

@incollection{mw_intuition,
	author      = {Merriam-Webster},
	title       = {Intuition},
	booktitle   = {Merriam-Webster.com dictionary},
	url         = {https://www.merriam-webster.com/dictionary/intuition},
	urldate     = {2021-02-17},
}