@book{deep_learning_book,
	author      = {Goodfellow, Ian and Bengio, Yoshua and Courville, Aaron},
	title       = {Deep Learning},
	year        = {2016},
	publisher   = {The MIT Press}
}

@book{linalg_book,
	author      = {Axler, Sheldon Jay},
	title       = {Linear Algebra Done Right},
	year        = {1997},
	publisher   = {Springer}	
}

@incollection{neocognitron,
	title       = {Neocognitron: A self-organizing neural network model for a mechanism of visual pattern recognition},
	author      = {Fukushima, Kunihiko and Miyake, Sei},
	booktitle   = {Competition and cooperation in neural nets},
	pages       = {267--285},
	year        = {1982},
	publisher   = {Springer}
}

@incollection{neuralnetsanddeeplearning,
	author      = {Nielsen, Michael A.},
	title       = {Neural Networks and Deep Learning},
	publisher   = {Determination Press},
	url         = {http://neuralnetworksanddeeplearning.com/},
	urldate     = {2021-02-17},
	year        = {2018}
}

@inproceedings{deep_net_init, 
	title       = {Understanding the difficulty of training deep feedforward neural networks}, 
	author      = {Xavier Glorot and Yoshua Bengio},
	booktitle   = {Proceedings of the Thirteenth International Conference on Artificial Intelligence and Statistics}, 
	pages       = {249--256}, 
	year        = {2010}, 
	volume      = {9}, 
	series      = {Proceedings of Machine Learning Research}
}

@inproceedings{deep_net_init_relu,  
	author      = {K. {He} and X. {Zhang} and S. {Ren} and J. {Sun}},  
	booktitle   = {2015 IEEE International Conference on Computer Vision (ICCV)},  
	title       = {Delving Deep into Rectifiers: Surpassing Human-Level Performance on ImageNet Classification},   
	year        = {2015},  
	pages       = {1026-1034}
}

@misc{adam,
	title       = {Adam: A Method for Stochastic Optimization}, 
	author      = {Diederik P. Kingma and Jimmy Ba},
	year        = {2017},
	eprint      = {1412.6980}
}

@inproceedings{batchnorm,
	author      = {Ioffe, Sergey and Szegedy, Christian},
	title       = {Batch Normalization: Accelerating Deep Network Training by Reducing Internal Covariate Shift},
	year        = {2015},
	booktitle   = {Proceedings of the 32nd International Conference on Machine Learning - Volume 37},
	pages       = {448–456}
}

@article{lstm,
	author      = {Hochreiter, Sepp and Schmidhuber, J\"{u}rgen},
	title       = {Long Short-Term Memory},
	year        = {1997},
	volume      = {9},
	number      = {8},
	journal     = {Neural Comput.},
	pages       = {1735–1780}
}

@incollection{cnn,
	author      = {LeCun, Yann and Bengio, Yoshua},
	title       = {Convolutional Networks for Images, Speech, and Time Series},
	year        = {1998},
	publisher   = {MIT Press},
	address     = {Cambridge, MA, USA},
	booktitle   = {The Handbook of Brain Theory and Neural Networks},
	pages       = {255–258}
}

@inproceedings{gan,
	author      = {Goodfellow, Ian J. and Pouget-Abadie, Jean and Mirza, Mehdi and Xu, Bing and Warde-Farley, David and Ozair, Sherjil and Courville, Aaron and Bengio, Yoshua},
	title       = {Generative Adversarial Nets},
	year        = {2014},
	publisher   = {MIT Press},
	booktitle   = {Proceedings of the 27th International Conference on Neural Information Processing Systems - Volume 2},
	pages       = {2672–2680}
}

@misc{vgg16,
	title       = {Very Deep Convolutional Networks for Large-Scale Image Recognition}, 
	author      = {Karen Simonyan and Andrew Zisserman},
	year        = {2015},
	eprint      = {1409.1556}
}


@article{dl_mobile_survey,
	author      = {C. {Zhang} and P. {Patras} and H. {Haddadi}},
	journal     = {IEEE Communications Surveys   Tutorials}, 
	title       = {Deep Learning in Mobile and Wireless Networking: A Survey}, 
	year        = {2019},
	volume      = {21},
	number      = {3},
	pages       = {2224-2287}
}

@article{ai_for_5g,
	title       = {AI for 5G: research directions and paradigms},
	author      = {You, Xiaohu and Zhang, Chuan and Tan, Xiaosi and Jin, Shi and Wu, Hequan},
	journal     = {Science China Information Sciences},
	volume      = {62},
	number      = {2},
	pages       = {1--13},
	year        = {2019},
	publisher   = {Springer}
}

@inproceedings{ai_in_5g,
	title       = {Artificial intelligence in 5G technology: A survey},
	author      = {Cayamcela, Manuel Eugenio Morocho and Lim, Wansu},
	booktitle   = {2018 International Conference on Information and Communication Technology Convergence (ICTC)},
	pages       = {860--865},
	year        = {2018}
}

@article{intelligent_5g,
	title       = {Intelligent 5G: When cellular networks meet artificial intelligence},
	author      = {Li, Rongpeng and Zhao, Zhifeng and Zhou, Xuan and Ding, Guoru and Chen, Yan and Wang, Zhongyao and Zhang, Honggang},
	journal     = {IEEE Wireless communications},
	volume      = {24},
	number      = {5},
	pages       = {175--183},
	year        = {2017},
	publisher   = {IEEE}
}



@article{dl_based_beam_select,
	title       = {Deep learning-based mmWave beam selection for 5G NR/6G with sub-6 GHz channel information: Algorithms and prototype validation},
	author      = {Sim, Min Soo and Lim, Yeon-Geun and Park, Sang Hyun and Dai, Linglong and Chae, Chan-Byoung},
	journal     = {IEEE Access},
	volume      = {8},
	pages       = {51634--51646},
	year        = {2020},
	publisher   = {IEEE}
}

@article{dl_based_pilot_alloc,
	title       = {Deep learning based pilot allocation scheme (DL-PAS) for 5G massive MIMO system},
	author      = {Kim, Kwihoon and Lee, Joohyung and Choi, Junkyun},
	journal     = {IEEE Communications Letters},
	volume      = {22},
	number      = {4},
	pages       = {828--831},
	year        = {2018},
	publisher   = {IEEE}
}

@article{dl_based_rrc,
	title       = {A deep-learning-based radio resource assignment technique for 5G ultra dense networks},
	author      = {Zhou, Yibo and Fadlullah, Zubair Md and Mao, Bomin and Kato, Nei},
	journal     = {IEEE Network},
	volume      = {32},
	number      = {6},
	pages       = {28--34},
	year        = {2018},
	publisher   = {IEEE}
}

@article{dl_for_rrc,
	title       = {Deep learning for radio resource allocation with diverse quality-of-service requirements in 5g},
	author      = {Dong, Rui and She, Changyang and Hardjawana, Wibowo and Li, Yonghui and Vucetic, Branka},
	journal     = {IEEE Transactions on Wireless Communications},
	year        = {2020},
	publisher   = {IEEE}
}

@article{channel_state_pred,
	title       = {Channel state information prediction for 5G wireless communications: A deep learning approach},
	author      = {Luo, Changqing and Ji, Jinlong and Wang, Qianlong and Chen, Xuhui and Li, Pan},
	journal     = {IEEE Transactions on Network Science and Engineering},
	volume      = {7},
	number      = {1},
	pages       = {227--236},
	year        = {2018},
	publisher   = {IEEE}
}

@inproceedings{channel_decoding_dl,
	title       = {Performance evaluation of channel decoding with deep neural networks},
	author      = {Lyu, Wei and Zhang, Zhaoyang and Jiao, Chunxu and Qin, Kangjian and Zhang, Huazi},
	booktitle   = {2018 IEEE International Conference on Communications (ICC)},
	pages       = {1--6},
	year        = {2018},
	organization= {IEEE}
}



@article{dl_phys_survey,
	title       = {Deep learning at the physical layer: System challenges and applications to 5G and beyond},
	author      = {Restuccia, Francesco and Melodia, Tommaso},
	journal     = {IEEE Communications Magazine},
	volume      = {58},
	number      = {10},
	pages       = {58--64},
	year        = {2020},
	publisher   = {IEEE}
}

@article{dl_phys_survey2,
	title       = {Deep learning for physical-layer 5G wireless techniques: Opportunities, challenges and solutions},
	author      = {Huang, Hongji and Guo, Song and Gui, Guan and Yang, Zhen and Zhang, Jianhua and Sari, Hikmet and Adachi, Fumiyuki},
	journal     = {IEEE Wireless Communications},
	volume      = {27},
	number      = {1},
	pages       = {214--222},
	year        = {2019},
	publisher   = {IEEE}
}



@article{mec_offload_cache,
	title       = {Deep reinforcement learning for dynamic computation offloading and resource allocation in cache-assisted mobile edge computing systems},
	author      = {Nath, Samrat and Wu, Jingxian},
	journal     = {Intelligent and Converged Networks},
	volume      = {1},
	number      = {2},
	pages       = {181--198},
	year        = {2020},
	publisher   = {TUP}
}

@article{mec_offload,
	title       = {Intelligent offloading in multi-access edge computing: A state-of-the-art review and framework},
	author      = {Cao, Bin and Zhang, Long and Li, Yun and Feng, Daquan and Cao, Wei},
	journal     = {IEEE Communications Magazine},
	volume      = {57},
	number      = {3},
	pages       = {56--62},
	year        = {2019},
	publisher   = {IEEE}
}

@inproceedings{cloud_ran_resource,
	title       = {A deep reinforcement learning based framework for power-efficient resource allocation in cloud RANs},
	author      = {Xu, Zhiyuan and Wang, Yanzhi and Tang, Jian and Wang, Jing and Gursoy, Mustafa Cenk},
	booktitle   = {2017 IEEE International Conference on Communications (ICC)},
	pages       = {1--6},
	year        = {2017},
	organization= {IEEE}
}

@inproceedings{slicing_resource,
	title       = {DeepCog: Cognitive network management in sliced 5G networks with deep learning},
	author      = {Bega, Dario and Gramaglia, Marco and Fiore, Marco and Banchs, Albert and Costa-Perez, Xavier},
	booktitle   = {IEEE INFOCOM 2019-IEEE Conference on Computer Communications},
	pages       = {280--288},
	year        = {2019},
	organization= {IEEE}
}

@article{drl_slicing_resource,
	title       = {Deep reinforcement learning for resource management in network slicing},
	author      = {Li, Rongpeng and Zhao, Zhifeng and Sun, Qi and Chih-Lin, I and Yang, Chenyang and Chen, Xianfu and Zhao, Minjian and Zhang, Honggang},
	journal     = {IEEE Access},
	volume      = {6},
	pages       = {74429--74441},
	year        = {2018},
	publisher   = {IEEE}
}

@inproceedings{slicing_resource2,
	title       = {Deepslice: A deep learning approach towards an efficient and reliable network slicing in 5G networks},
	author      = {Thantharate, Anurag and Paropkari, Rahul and Walunj, Vijay and Beard, Cory},
	booktitle   = {2019 IEEE 10th Annual Ubiquitous Computing, Electronics \& Mobile Communication Conference (UEMCON)},
	pages       = {0762--0767},
	year        = {2019},
	organization= {IEEE}
}



@article{anomaly_botnet,
	title       = {A self-adaptive deep learning-based system for anomaly detection in 5G networks},
	author      = {Maim{\'o}, Lorenzo Fern{\'a}ndez and G{\'o}mez, {\'A}ngel Luis Perales and Clemente, F{\'e}lix J Garc{\'\i}a and P{\'e}rez, Manuel Gil and P{\'e}rez, Gregorio Mart{\'\i}nez},
	journal     = {IEEE Access},
	volume      = {6},
	pages       = {7700--7712},
	year        = {2018},
	publisher   = {IEEE}
}

@inproceedings{anomaly_intrusion,
	title       = {An efficient deep learning model for intrusion classification and prediction in 5G and IoT networks},
	author      = {Rezvy, Shahadate and Luo, Yuan and Petridis, Miltos and Lasebae, Aboubaker and Zebin, Tahmina},
	booktitle   = {2019 53rd Annual Conference on Information Sciences and Systems (CISS)},
	pages       = {1--6},
	year        = {2019},
	organization= {IEEE}
}

@inproceedings{anomaly_sleeping,
	title       = {Deep learning-based big data-assisted anomaly detection in cellular networks},
	author      = {Hussain, Bilal and Du, Qinghe and Ren, Pinyi},
	booktitle   = {2018 IEEE Global Communications Conference (GLOBECOM)},
	pages       = {1--6},
	year        = {2018},
	organization= {IEEE}
}



@article{dl_digital_twin,
	title       = {Deep learning for hybrid 5G services in mobile edge computing systems: Learn from a digital twin},
	author      = {Dong, Rui and She, Changyang and Hardjawana, Wibowo and Li, Yonghui and Vucetic, Branka},
	journal     = {IEEE Transactions on Wireless Communications},
	volume      = {18},
	number      = {10},
	pages       = {4692--4707},
	year        = {2019},
	publisher   = {IEEE}
}
