@inproceedings{bsq, 
	title       = {Equal-volume quantization of mobile network data using bounding spheres and boxes},
	author      = {Kaj{\'o}, Marton and Schultz, Benedek and Ali-Tolppa, Janne and Carle, Georg},
	booktitle   = {NOMS 2018-2018 IEEE/IFIP Network Operations and Management Symposium},
	pages       = {1--9},
	year        = {2018},
	organization= {IEEE}
}

@inproceedings{curse_of_dim,
	title       = {The curse of dimensionality in data mining and time series prediction},
	author      = {Verleysen, Michel and Fran{\c{c}}ois, Damien},
	booktitle   = {International work-conference on artificial neural networks},
	pages       = {758--770},
	year        = {2005},
	organization= {Springer}
}

@article{lloyd, 
	author      = {S. Lloyd}, 
	journal     = {IEEE Transactions on Information Theory},
	title       = {Least squares quantization in PCM}, 
	year        = {1982}, 
	volume      = {28},  
	pages       = {129-137}
}

@incollection{complearn,
	pages       = {151-193}, 
	title       = {Feature Discovery by Competitive Learning}, 
	author      = {David E. Rumelhart and James L. McClelland},
	crossref    = {complearnbook}
}

@book{complearnbook,
	title       = {Parallel Distributed Processing: Explorations in the Microstructure of Cognition: Foundations},
	booktitle   = {Parallel Distributed Processing: Explorations in the Microstructure of Cognition: Foundations},
	publisher   = {MIT Press},
	year        = {1987}, 
	edition     = {1}
}

@article{ksparse,
	author      = {Alireza Makhzani and Brendan J. Frey},
	title       = {k-Sparse Autoencoders},
	journal     = {CoRR},
	volume      = {abs/1312.5663},
	year        = {2013}
}

@article{em,
	author      = {A. P. Dempster and N. M. Laird and D. B. Rubin},
	title       = {Maximum likelihood from incomplete data via the EM algorithm},
	journal     = {Journal of the Royal Statistical Society, Series B},
	year        = {1977},
	volume      = {39},
	pages       = {1--38}
}

@inproceedings{kmeanscomp,
	author      = {M. Inaba and N. Katoh and H. Imai},
	title       = {Applications of Weighted Voronoi Diagrams and Randomization to Variance-based K-clustering: (Extended Abstract)},
	booktitle   = {Proceedings of the Tenth Annual Symposium on Computational Geometry},
	series      = {SCG '94},
	year        = {1994},
	pages       = {332--339}
}

@inproceedings{kmeansslow,
	author      = {Arthur, David and Vassilvitskii, Sergei},
	title       = {How Slow is the K-means Method?},
	booktitle   = {Proceedings of the Twenty-second Annual Symposium on Computational Geometry},
	series      = {SCG '06},
	year        = {2006},
	pages       = {144--153}
}

@inproceedings{fischer,
	author      = {Fischer, Kaspar and G{\"a}rtner, Bernd and Kutz, Martin},
	title       = {Fast Smallest-Enclosing-Ball Computation in High Dimensions},
	pages       = {630--641},
	booktitle   = {Algorithms - ESA 2003: 11th Annual European Symposium, Budapest, Hungary, September 16-19, 2003. Proceedings},
	year        = {2003},
	publisher   = {Springer Berlin Heidelberg}
}

@inproceedings{megiddo, 
	author      = {N. Megiddo}, 
	booktitle   = {23rd Annual Symposium on Foundations of Computer Science (sfcs 1982)}, 
	title       = {Linear-time algorithms for linear programming in R3 and related problems}, 
	year        = {1982}, 
	pages       = {329-338}
}

@inproceedings{welzl,
	author      = {Welzl, Emo},
	title       = {Smallest enclosing disks (balls and ellipsoids)},
	bookTitle   = {New Results and New Trends in Computer Science: Graz, Austria, June 20--21, 1991 Proceedings},
	year        = {1991},
	publisher   = {Springer Berlin Heidelberg},
	pages       = {359--370}
}

@inproceedings{gartner,
	author      = {G\"{a}rtner, Bernd and Sch\"{o}nherr, Sven},
	title       = {An Efficient, Exact, and Generic Quadratic Programming Solver for Geometric Optimization},
	booktitle   = {Proceedings of the Sixteenth Annual Symposium on Computational Geometry},
	series      = {SCG '00},
	year        = {2000},
	pages       = {110--118},
	publisher   = {ACM}
}

@article{zhou,
	author      = {Zhou, Guanglu and Tohemail, Kim-Chuan and Sun, Jie},
	title       = {Efficient Algorithms for the Smallest Enclosing Ball Problem},
	journal     = {Computational Optimization and Applications},
	issue_date  = {February  2005},
	volume      = {30},
	number      = {2},
	year        = {2005},
	pages       = {147--160},
	publisher   = {Kluwer Academic Publishers},
} 

@inproceedings{kumar,
	author      = {Piyush Kumar and Joseph S. B. Mitchell and E. Alper Yildirim and E. Alper Yıldırım},
	title       = {Computing Core-Sets and Approximate Smallest Enclosing HyperSpheres in High Dimensions},
	booktitle   = {ALENEX, Lecture Notes Comput. Sci.},
	year        = {2003},
	pages       = {45--55}
}

@incollection{ritter,
	author      = {Ritter, Jack},
	title       = {An Efficient Bounding Sphere},
	pages       = {301--303},
	crossref    = {ritterbook}
}

@book{ritterbook,
	title       = {Graphics Gems},
	booktitle   = {Graphics Gems},
	year        = {1990},
	publisher   = {Academic Press Professional, Inc.}
}

@article{celebi_comparative,
	title       = {A comparative study of efficient initialization methods for the k-means clustering algorithm},
	author      = {Celebi, M Emre and Kingravi, Hassan A and Vela, Patricio A},
	journal     = {Expert systems with applications},
	volume      = {40},
	number      = {1},
	pages       = {200--210},
	year        = {2013},
	publisher   = {Elsevier}
}

@inproceedings{badoiu_approximate,
	title       = {Approximate clustering via core-sets},
	author      = {B{\=a}doiu, Mihai and Har-Peled, Sariel and Indyk, Piotr},
	booktitle   = {Proceedings of the thiry-fourth annual ACM symposium on Theory of computing},
	pages       = {250--257},
	year        = {2002},
	organization= {ACM}
}

@book{kaufmanbook,
	author      = {Kaufman, Rousseeuw},
	title       = {Finding Groups in Data: An Introduction to Cluster Analysis},
	booktitle   = {Finding Groups in Data: An Introduction to Cluster Analysis},
	year        = {1990},
	publisher   = {John Wiley and Sons, New York, NY}
}

@inproceedings{kimmo,
	author      = {Kumpulainen, Pekka and H{\"a}t{\"o}nen, Kimmo},
	title       = {Characterizing Mobile Network Daily Traffic Patterns by 1-Dimensional SOM and Clustering},
	bookTitle   = {Engineering Applications of Neural Networks: 13th International Conference},
	year        = {2012},
	publisher   = {Springer Berlin Heidelberg},
	pages       = {325--333}
}

@inproceedings{kumpulainen,
	author      = {Kumpulainen, Pekka and H{\"a}t{\"o}nen, Kimmo},
	title       = {Local anomaly detection for mobile network monitoring},
	booktitle   = {Information Sciences},
	year        = {2008},
	month       = {10},
	pages       = {3840-3859},
	volume      = {178}
}

@inproceedings{gng, 
	author      = {B. Gajic and S. Nováczki and S. Mwanje}, 
	booktitle   = {2015 IFIP/IEEE International Symposium on Integrated Network Management (IM)}, 
	title       = {An improved anomaly detection in mobile networks by using incremental time-aware clustering}, 
	year        = {2015},
	publisher   = {IEEE},
	pages       = {1286-1291}
}

@article{laiho, 
	author      = {J. Laiho and K. Raivio and P. Lehtimaki and H{\"a}t{\"o}nen, Kimmo and O. Simula}, 
	journal     = {IEEE Transactions on Wireless Communications}, 
	title       = {Advanced analysis methods for 3G cellular networks}, 
	year        = {2005}, 
	volume      = {4}, 
	number      = {3}, 
	pages       = {930-942}
}

@article{sebsum,
	author      = {Nielsen, Frank and Nock, Richard},
	year        = {2009},
	month       = {10},
	pages       = {389-414},
	title       = {Approximating Smallest Enclosing Balls with Application to Machine Learning},
	volume      = {19},
	journal     = {International Journal of Computational Geometry \& Applications}
}

@article{sebdef,
	author      = {Elzinga, D. Jack and Hearn, Donald W.},
	title       = {The Minimum Covering Sphere Problem},
	journal     = {Management Science},
	issue_date  = {September 1972},
	volume      = {19},
	number      = {1},
	month       = sep,
	year        = {1972},
	pages       = {96--104},
	publisher   = {INFORMS}
}

@inproceedings{lloydeffective, 
	author      = {R. Ostrovsky and Y. Rabani and L. J. Schulman and C. Swamy}, 
	booktitle   = {2006 47th Annual IEEE Symposium on Foundations of Computer Science (FOCS'06)}, 
	title       = {The Effectiveness of Lloyd-Type Methods for the k-Means Problem}, 
	year        = {2006}, 
	pages       = {165-176}
}

@article{farthestfirst,
	title       = {Clustering to minimize the maximum intercluster distance},
	author      = {Gonzalez, Teofilo F},
	journal     = {Theoretical Computer Science},
	volume      = {38},
	pages       = {293--306},
	year        = {1985},
	publisher   = {Elsevier}
}



@inproceedings{anonamly_det,
	title       = {A robust algorithm for anomaly detection in mobile networks},
	author      = {Bodrog, Levente and Kaj{\'o}, M{\'a}rton and Kocsis, Szil{\'a}rd and Schultz, Benedek},
	booktitle   = {2016 IEEE 27th Annual International Symposium on Personal, Indoor, and Mobile Radio Communications (PIMRC)},
	pages       = {1--6},
	year        = {2016},
	organization= {IEEE}
}

@inproceedings{tsvetko_verif_1,
	title       = {A post-action verification approach for automatic configuration parameter changes in self-organizing networks},
	author      = {Tsvetkov, Tsvetko and Novaczki, Szabolcs and Sanneck, Henning and Carle, Georg},
	booktitle   = {International Conference on Mobile Networks and Management},
	pages       = {135--148},
	year        = {2014},
	organization= {Springer}
}

@inproceedings{tsvetko_verif_2,
	title       = {Detection and resolution of ineffective function behavior in self-organizing networks},
	author      = {Frenzel, Christoph and Tsvetkov, Tsvetko and Sanneck, Henning and Bauer, Bernhard and Carle, Georg},
	booktitle   = {Proceeding of IEEE International Symposium on a World of Wireless, Mobile and Multimedia Networks 2014},
	pages       = {1--3},
	year        = {2014},
	organization= {IEEE}
}

@phdthesis{balls_of_balls,
	title       = {Smallest enclosing balls of balls},
	author      = {Fischer, Kaspar},
	year        = {2005},
	school      = {ETH Zürich}
}





@article{zappone2019wireless,
	title       = {Wireless networks design in the era of deep learning: Model-based, AI-based, or both?},
	author      = {Zappone, Alessio and Di Renzo, Marco and Debbah, M{\'e}rouane},
	journal     = {IEEE Transactions on Communications},
	volume      = {67},
	number      = {10},
	pages       = {7331--7376},
	year        = {2019},
	publisher   = {IEEE}
}

@inproceedings{ann,
	author      = {Indyk, Piotr and Motwani, Rajeev},
	title       = {Approximate Nearest Neighbors: Towards Removing the Curse of Dimensionality},
	year        = {1998},
	publisher   = {Association for Computing Machinery},
	booktitle   = {Proceedings of the Thirtieth Annual ACM Symposium on Theory of Computing},
	pages       = {604–613},
	location    = {Dallas, Texas, USA},
	series      = {STOC '98}
}

@inproceedings{bounding,
	author      = {Welzl, Emo},
	title       = {Smallest enclosing disks (balls and ellipsoids)},
	bookTitle   = {New Results and New Trends in Computer Science: Graz, Austria, June 20--21, 1991 Proceedings},
	year        = {1991},
	publisher   = {Springer Berlin Heidelberg},
	pages       = {359--370}
}

@inbook{lawOfLarge,
	author      = {Feller, William},
	publisher   = {Wiley},
	title       = {An Introduction to Probability Theory and Its Applications},
	chapter     = {10},
	pages       = {228--247},
	volume      = {1},
	year        = {1968}
}

@inproceedings{kmeansFaster,
	author    = {Hamerly, Greg},
	year      = {2010},
	pages     = {130-140},
	title     = {Making k-means Even Faster.},
	bookTitle = {Proceedings of the 2010 SIAM International Conference on Data Mining}
}

@inproceedings{kmeansTriangle,
	author    = {Elkan, Charles},
	title     = {Using the Triangle Inequality to Accelerate K-means},
	booktitle = {Proceedings of the Twentieth International Conference on International Conference on Machine Learning},
	series    = {ICML'03},
	year      = {2003},
	pages     = {147--153},
	publisher = {AAAI Press}
}

@article{kmeansKD, 
	author    = {T. {Kanungo} and D. M. {Mount} and N. S. {Netanyahu} and C. D. {Piatko} and R. {Silverman} and A. Y. {Wu}}, 
	journal   = {IEEE Transactions on Pattern Analysis and Machine Intelligence}, 
	title     = {An efficient k-means clustering algorithm: analysis and implementation}, 
	year      = {2002}, 
	volume    = {24}, 
	number    = {7}, 
	pages     = {881-892}
}

@inproceedings{kmeansCuda, 
	author    = {J. {Wu} and B. {Hong}}, 
	booktitle = {2011 IEEE International Symposium on Parallel and Distributed Processing Workshops and Phd Forum}, 
	title     = {An Efficient k-Means Algorithm on CUDA}, 
	year      = {2011}, 
	pages     = {1740-1749}
}
