@book{SONbook,
	author  	= {H{\"a}m{\"a}l{\"a}inenand Seppo and Sanneck and Henning and Sartoriand Cinzia},
	title       = {LTE Self-organising Networks (SON): Network management automation for operational efficiency},
	year        = {2012},
	publisher   = {John Wiley \& Sons}
}

@inproceedings{ciocarlie2014anomaly,
	title       = {Anomaly detection and diagnosis for automatic radio network verification},
	author      = {Ciocarlie, Gabriela F and Connolly, Christopher and Cheng, Chih-Chieh and Lindqvist, Ulf and Nov{\'a}czki, Szabolcs and Sanneck, Henning and Naseer-ul-Islam, Muhammad},
	booktitle   = {International Conference on Mobile Networks and Management},
	pages       = {163--176},
	year        = {2014},
	organization= {Springer}
}

@inproceedings{gajic2015improved,
	title       = {An improved anomaly detection in mobile networks by using incremental time-aware clustering},
	author      = {Gajic, Borislava and Nov{\'a}czki, Szabolcs and Mwanje, Stephen},
	booktitle   = {2015 IFIP/IEEE International Symposium on Integrated Network Management (IM)},
	pages       = {1286--1291},
	year        = {2015},
	organization= {IEEE}
}

@inproceedings{gajic2015frgng,
	title       = {Fixed-resolution growing neural gas for clustering the mobile networks data},
	author      = {Nov{\'a}czki, Szabolcs and Gajic, Borislava},
	booktitle   = {International Conference on Engineering Applications of Neural Networks},
	pages       = {181--191},
	year        = {2015},
	organization= {Springer}
}

@inproceedings{chernogorov2011detection,
	title       = {Detection of sleeping cells in LTE networks using diffusion maps},
	author      = {Chernogorov, Fedor and Turkka, Jussi and Ristaniemi, Tapani and Averbuch, Amir},
	booktitle   = {2011 IEEE 73rd Vehicular Technology Conference (VTC Spring)},
	pages       = {1--5},
	year        = {2011},
	organization= {IEEE}
}

@article{aljalbout2018clustering,
	title       = {Clustering with deep learning: Taxonomy and new methods},
	author      = {Aljalbout, Elie and Golkov, Vladimir and Siddiqui, Yawar and Strobel, Maximilian and Cremers, Daniel},
	journal     = {arXiv preprint arXiv:1801.07648},
	year        = {2018}
}

@inproceedings{maas2013rectifier,
	title       = {Rectifier nonlinearities improve neural network acoustic models},
	author      = {Maas, Andrew L and Hannun, Awni Y and Ng, Andrew Y},
	booktitle   = {Proc. icml},
	volume      = {30},
	pages       = {3},
	year        = {2013}
}



@inproceedings{dec,
	title       = {Unsupervised Deep Embedding for Clustering Analysis}, 
	author      = {Junyuan Xie and Ross Girshick and Ali Farhadi}, 
	booktitle   = {Proceedings of The 33rd International Conference on Machine Learning}, 
	pages       = {478--487}, 
	year        = {2016}
}

@inproceedings{dcn,
	title       = {Towards k-means-friendly spaces: Simultaneous deep learning and clustering},
	author      = {Yang, Bo and Fu, Xiao and Sidiropoulos, Nicholas D and Hong, Mingyi},
	booktitle   = {Proceedings of the 34th International Conference on Machine Learning-Volume 70},
	pages       = {3861--3870},
	year        = {2017},
	organization= {JMLR. org}
}

@inproceedings{umcc,
	title       = {Unsupervised multi-manifold clustering by learning deep representation},
	author      = {Chen, Dongdong and Lv, Jiancheng and Zhang, Yi},
	booktitle   = {Workshops at the Thirty-First AAAI Conference on Artificial Intelligence},
	year        = {2017}
}

@article{ccnn,
	title       = {Cnn-based joint clustering and representation learning with feature drift compensation for large-scale image data},
	author      = {Hsu, Chih-Chung and Lin, Chia-Wen},
	journal     = {IEEE Transactions on Multimedia},
	volume      = {20},
	number      = {2},
	pages       = {421--429},
	year        = {2017},
	publisher   = {IEEE}
}

@inproceedings{jule,
	author      = {J. {Yang} and D. {Parikh} and D. {Batra}},
	booktitle   = {2016 IEEE Conference on Computer Vision and Pattern Recognition (CVPR)}, 
	title       = {Joint Unsupervised Learning of Deep Representations and Image Clusters}, 
	year        = {2016},
	pages       = {5147-5156}
}

@inproceedings{depict,
	author      = {Ghasedi Dizaji, Kamran and Herandi, Amirhossein and Deng, Cheng and Cai, Weidong and Huang, Heng},
	title       = {Deep Clustering via Joint Convolutional Autoencoder Embedding and Relative Entropy Minimization},
	booktitle   = {Proceedings of the IEEE International Conference on Computer Vision (ICCV)},
	pages       = {5736-5745},
	year        = {2017}
}

@article{dbc,
	title       = {Discriminatively boosted image clustering with fully convolutional auto-encoders},
	author      = {Li, Fengfu and Qiao, Hong and Zhang, Bo},
	journal     = {Pattern Recognition},
	volume      = {83},
	pages       = {161--173},
	year        = {2018},
	publisher   = {Elsevier}
}


@inproceedings{rotation_invariant_1,
	author      = {Jiang, Ruoqiao and Mei, Shaohui},
	booktitle   = {2019 IEEE International Conference on Image Processing (ICIP)}, 
	title       = {Polar Coordinate Convolutional Neural Network: From Rotation-Invariance to Translation-Invariance}, 
	year        = {2019},
	volume      = {},
	number      = {},
	pages       = {355-359}
}

@inproceedings{rotation_invariant_2,
	author      = {Sabour, Sara and Frosst, Nicholas and Hinton, Geoffrey E},
	booktitle   = {Advances in Neural Information Processing Systems},
	title       = {Dynamic Routing Between Capsules},
	volume      = {30},
	year        = {2017}
}

