@book{gmm,
	author      = {Christopher M. Bishop},
	title       = {Pattern Recognition and Machine Learning},
	publisher   = {Springer},
	year        = {2006}
}

@inproceedings{vade,
	author      = {Zhuxi Jiang and Yin Zheng and Huachun Tan and Bangsheng Tang and Hanning Zhou},
	title       = {Variational Deep Embedding: An Unsupervised and Generative Approach to Clustering},
	booktitle   = {Proceedings of the Twenty-Sixth International Joint Conference on Artificial Intelligence, {IJCAI-17}},
	pages       = {1965--1972},
	year        = {2017}
}

@inproceedings{clustergan,
	author      = {Mukherjee, Sudipto and Asnani, Himanshu and Lin, Eugene and Kannan, Sreeram}, 
	title       = {ClusterGAN: Latent Space Clustering in Generative Adversarial Networks},	  
	booktitle   = {Proceedings of the AAAI Conference on Artificial Intelligence},
	pages       = {4610-4617},
	year        = {2019}
}

@inproceedings{imsat,
	author      = {Weihua Hu and Takeru Miyato and Seiya Tokui and Eiichi Matsumoto and Masashi Sugiyama},
	title       = {Learning Discrete Representations via Information Maximizing Self-Augmented Training},	
	booktitle   = {Proceedings of the 34th International Conference on Machine Learning},
	pages       = {1558--1567},
	year        = {2017}
}

@inproceedings{rim,
	author      = {Krause, Andreas and Perona, Pietro and Gomes, Ryan},
	title       = {Discriminative Clustering by Regularized Information Maximization},
	booktitle   = {Advances in Neural Information Processing Systems},
	pages       = {775--783},
	year        = {2010}
}


@inproceedings{dac,
	author      = {J. {Chang} and L. {Wang} and G. {Meng} and S. {Xiang} and C. {Pan}},
	booktitle   = {2017 IEEE International Conference on Computer Vision (ICCV)}, 
	title       = {Deep Adaptive Image Clustering}, 
	year        = {2017},
	pages       = {5880-5888}
}

@inproceedings{dccs,
	author      = {Zhao, Junjie and Lu, Donghuan and Ma, Kai and Zhang, Yu and Zheng, Yefeng},
	title       = {Deep Image Clustering with Category-Style Representation},
	booktitle   = {Computer Vision -- ECCV 2020},
	year        = {2020},
	pages       = {54--70}
}

@inproceedings{iic,
	author      = {X. {Ji} and A. {Vedaldi} and J. {Henriques}},
	booktitle   = {2019 IEEE/CVF International Conference on Computer Vision (ICCV)}, 
	title       = {Invariant Information Clustering for Unsupervised Image Classification and Segmentation}, 
	year        = {2019},
	pages       = {9864-9873}
}

@inproceedings{adc,
	author      = {Haeusser, Philip and Plapp, Johannes and Golkov, Vladimir and Aljalbout, Elie and Cremers, Daniel},
	title       = {Associative Deep Clustering: Training a Classification Network with No Labels},
	booktitle   = {German Conference on Pattern Recognition},
	year        = {2019},
	pages       = {18-32}
}

@article{wae,
	title       = {Wasserstein auto-encoders},
	author      = {Tolstikhin, Ilya and Bousquet, Olivier and Gelly, Sylvain and Schoelkopf, Bernhard},
	journal     = {arXiv preprint arXiv:1711.01558},
	year        = {2017}
}

@article{slice,
	title       = {Machine learning-based network sub-slicing framework in a sustainable 5g environment},
	author      = {Singh, Sushil Kumar and Salim, Mikail Mohammed and Cha, Jeonghun and Pan, Yi and Park, Jong Hyuk},
	journal     = {Sustainability},
	publisher   = {Multidisciplinary Digital Publishing Institute},
	volume      = {12},
	pages       = {6250},
	year        = {2020}	
}

@article{qoe,
	title       = {A Quality of Experience Management Framework for Mobile Users},
	author      = {Algar, María and Diego, Isaac and Fernández-Isabel, Alberto and Monjas, Miguel-Angel and Ortega, Felipe and Moguerza, Javier and Jacynycz, Hektor},
	journal     = {Wireless Communications and Mobile Computing},
	year        = {2019},
	pages       = {1-11},	
	volume      = {2019}
}

@article{anomaly,
	author      = {Ariyaluran Habeeb, Riyaz Ahamed and Nasaruddin, Fariza and Gani, Abdullah and Amanullah, Mohamed Ahzam and Hashem, Ibrahim and Ahmed, Ejaz and Imran, Muhammad},
	title       = {Clustering‐based real‐time anomaly detection—A breakthrough in big data technologies},
	journal     = {Transactions on Emerging Telecommunications Technologies},
	year        = {2019},
	pages       = {e3647}
}

@article{hungarian,
	author      = {H. W. Kuhn and Bryn Yaw},
	title       = {The Hungarian method for the assignment problem},
	journal     = {Naval Res. Logist. Quart},
	year        = {1955},
	pages       = {83--97}
}

