@inproceedings{dbscan,
	author      = {Ester, Martin and Kriegel, Hans-Peter and Sander, J\"{o}rg and Xu, Xiaowei},
	title       = {A Density-Based Algorithm for Discovering Clusters in Large Spatial Databases with Noise},
	booktitle   = {Proceedings of the Second International Conference on Knowledge Discovery and Data Mining},
	pages       = {226â€“231},
	year        = {1996}

}

@article{optics,
	title       = {OPTICS: Ordering points to identify the clustering structure},
	author      = {Ankerst, Mihael and Breunig, Markus M and Kriegel, Hans-Peter and Sander, J{\"o}rg},
	journal     = {ACM Sigmod record},
	volume      = {28},
	number      = {2},
	pages       = {49--60},
	year        = {1999},
	publisher   = {ACM New York, NY, USA}
}
