@inproceedings{pred_network_planning,
	author      = {Hammami, Seif Eddine and Afifi, Hossam and Marot, Michel and Gauthier, Vincent},
	booktitle   = {2016 IEEE Wireless Communications and Networking Conference}, 
	title       = {Network planning tool based on network classification and load prediction}, 
	year        = {2016},
	pages       = {1-6}
}

@inproceedings{pred_slicing,
	author      = {Sciancalepore, Vincenzo and Samdanis, Konstantinos and Costa-Perez, Xavier and Bega, Dario and Gramaglia, Marco and Banchs, Albert},
	booktitle   = {IEEE INFOCOM 2017 - IEEE Conference on Computer Communications}, 
	title       = {Mobile traffic forecasting for maximizing 5G network slicing resource utilization}, 
	year        = {2017},
	pages       = {1-9}
}

@inproceedings{pred_resource_alloc,
	author      = {Plachy, Jan and Becvar, Zdenek and Strinati, Emilio Calvanese},
	booktitle   = {2016 IEEE 27th Annual International Symposium on Personal, Indoor, and Mobile Radio Communications (PIMRC)}, 
	title       = {Dynamic resource allocation exploiting mobility prediction in mobile edge computing}, 
	year        = {2016},
	pages       = {1-6}
}

@inproceedings{pred_load_balance, 
	author      = {Tsai, Chin and Moh, Melody},  
	booktitle   = {2017 IEEE International Symposium on Signal Processing and Information Technology (ISSPIT)},
	title       = {Load balancing in 5G cloud radio access networks supporting IoT communications for smart communities},
	year        = {2017},
	pages       = {259-264}
}

@article{pred_hoinnr,
	author      = {H. {Park} and Y. {Lee} and T. {Kim} and B. {Kim} and J. {Lee}},
	journal     = {IEEE Network}, 
	title       = {Handover Mechanism in NR for Ultra-Reliable Low-Latency Communications}, 
	year        = {2018},
	volume      = {32},
	number      = {2},
	pages       = {41-47}
}

@article{pred_studyonscenarios,
	title       = {Study on scenarios and requirements for next generation access technologies},
	journal     = {Tech. Rep. v14.3.0. Release 14},
	author      = {3GPP TR 38.913},
	year        = {2017}
}

@article{eutralatency,
	title       = {Evolved Universal Terrestrial Radio Access (E-UTRA); Study on Latency Reduction Techniques for LTE (Release 14)},
	author      = {3GPP TR 36.881},
	year        = {2016}
}

@article{eutradescription,
	title       = {Evolved Universal Terrestrial Radio Access (E-UTRA) and Evolved Universal Terrestrial Radio Access Network (E-UTRAN); Overall Description; Stage 2 (Release 14)},
	author      = {3GPP TS 36.300},
	year        = {2017}
}

@inproceedings{aiin5g,
	author      = {M. E. {Morocho Cayamcela} and W. {Lim}},
	booktitle   = {2018 International Conference on Information and Communication Technology Convergence (ICTC)}, 
	title       = {Artificial Intelligence in 5G Technology: A Survey}, 
	year        = {2018},
	pages       = {860-865}
}

@article{mlfor5g,
	author      = {M. E. {Morocho-Cayamcela} and H. {Lee} and W. {Lim}},
	journal     = {IEEE Access}, 
	title       = {Machine Learning for 5G/B5G Mobile and Wireless Communications: Potential, Limitations, and Future Directions}, 
	year        = {2019},
	volume      = {7},
	pages       = {137184-137206}
}

@inproceedings{rlbasedpredictive,
	author      = {Y. {Koda} and K. {Yamamoto} and T. {Nishio} and M. {Morikura}},
	booktitle   = {IEEE INFOCOM 2018 - IEEE Conference on Computer Communications Workshops (INFOCOM WKSHPS)}, 
	title       = {Reinforcement learning based predictive handover for pedestrian-aware mmWave networks}, 
	year        = {2018},
	pages       = {692-697}
}

@incollection{rlbasics,
	author      = {A. Nandy and M. Biswas},
	title       = {Reinforcement Learning Basics},
	booktitle   = {Reinforcement Learning},
	year        = {2018},
	publisher   = {Springer}
}

@article{predictionbasedcho,
	author      = {C. {Lee} and H. {Cho} and S. {Song} and J. {Chung}},
	journal     = {IEEE Vehicular Technology Magazine}, 
	title       = {Prediction-Based Conditional Handover for 5G mm-Wave Networks: A Deep-Learning Approach}, 
	year        = {2020},
	volume      = {15},
	number      = {1},
	pages       = {54-62}
}

@article{mlbasedho,
	author      = {L. {Yan} and H. {Ding} and L. {Zhang} and J. {Liu} and X. {Fang} and Y. {Fang} and M. {Xiao} and X. {Huang}},
	journal     = {IEEE Transactions on Wireless Communications}, 
	title       = {Machine Learning-Based Handovers for Sub-6 GHz and mmWave Integrated Vehicular Networks}, 
	year        = {2019},
	volume      = {18},
	number      = {10},
	pages       = {4873-4885}
}

@article{exploringtrajectory,
	author      = {C. {Wang} and L. {Ma} and R. {Li} and T. S. {Durrani} and H. {Zhang}},
	journal     = {IEEE Access}, 
	title       = {Exploring Trajectory Prediction Through Machine Learning Methods}, 
	year        = {2019},
	volume      = {7},
	pages       = {101441-101452}
}

@inproceedings{mrobeyonddoppler,
	author      = {I. {Viering} and B. {Wegmann} and A. {Lobinger} and A. {Awada} and H. {Martikainen}},
	booktitle   = {2011 8th International Symposium on Wireless Communication Systems}, 
	title       = {Mobility robustness optimization beyond Doppler effect and WSS assumption}, 
	year        = {2011},
	pages       = {186-191}
}

