@techreport{ML5G2019,
	title       = {Unified architecture for machine learning in 5G and future networks},
	institution = {ITU-T Focus Group on Machine Learning for Future Networks including 5G},
	year        = {2019},
	type        = {Technical Specification}
}