@article{adversarial_examp,
	title       = {Intriguing properties of neural networks},
	author      = {Szegedy, Christian and Zaremba, Wojciech and Sutskever, Ilya and Bruna, Joan and Erhan, Dumitru and Goodfellow, Ian and Fergus, Rob},
	journal     = {arXiv preprint arXiv:1312.6199},
	year        = {2013}
}

@inproceedings{netw_slicing_1,
	author    = {Bega, Dario and Gramaglia, Marco and Fiore, Marco and Banchs, Albert and Costa-Perez, Xavier},
	booktitle = {IEEE INFOCOM 2019 - IEEE Conference on Computer Communications}, 
	title     = {DeepCog: Cognitive Network Management in Sliced 5G Networks with Deep Learning}, 
	year      = {2019},
	pages     = {280-288}
}

@inproceedings{netw_slicing_2,
	author    = {Thantharate, Anurag and Paropkari, Rahul and Walunj, Vijay and Beard, Cory},
	booktitle = {2019 IEEE 10th Annual Ubiquitous Computing, Electronics   Mobile Communication Conference (UEMCON)}, 
	title     = {DeepSlice: A Deep Learning Approach towards an Efficient and Reliable Network Slicing in 5G Networks}, 
	year      = {2019},
	pages     = {0762-0767}
}

@inproceedings{load_balancing_1,
	author    = {Zappone, Alessio and Sanguinetti, Luca and Debbah, Merouane},
	booktitle = {2018 52nd Asilomar Conference on Signals, Systems, and Computers}, 
	title     = {User Association and Load Balancing for Massive MIMO through Deep Learning}, 
	year      = {2018},
	pages     = {1262-1266}
}

@article{load_balancing_2,
	author    = {Xu, Yue and Xu, Wenjun and Wang, Zhi and Lin, Jiaru and Cui, Shuguang},
	journal   = {IEEE Internet of Things Journal}, 
	title     = {Load Balancing for Ultradense Networks: A Deep Reinforcement Learning-Based Approach}, 
	year      = {2019},
	volume    = {6},
	number    = {6},
	pages     = {9399-9412}
}

@inproceedings{ho_opt_1,
	author    = {Masri, Ahmed and Veijalainen, Teemu and Martikainen, Henrik and Mwanje, Stephen and Ali-Tolppa, Janne and Kajó, Márton},
	booktitle = {2021 IFIP/IEEE International Symposium on Integrated Network Management (IM)}, 
	title     = {Machine-Learning-Based Predictive Handover}, 
	year      = {2021},
	pages     = {648-652}
}

@inproceedings{ho_opt_2,
	author    = {Shubyn, Bohdan and Lutsiv, Nazarii and Syrotynskyi, Oleh and Kolodii, Roman},
	booktitle = {2020 IEEE 15th International Conference on Advanced Trends in Radioelectronics, Telecommunications and Computer Engineering (TCSET)}, 
	title     = {Deep Learning based Adaptive Handover Optimization for Ultra-Dense 5G Mobile Networks}, 
	year      = {2020},
	pages     = {869-872}
}

@techreport{nwdaf,
	title     = {{TS 23.288;} Architecture enhancements for 5G System (5GS) to support network data analytics services (Release 17)},
	author    = {{3GPP; Technical Specification Group Services and System Aspects}},
	group     = {CSG},
	year      = {2021},
	institution = {3GPP},
	month     = {06},
	version   = {V17.1.0}
}

@techreport{ric,
	title     = {O-RAN Architecture Description},
	author    = {{O-RAN Alliance}},
	group     = {WG1},
	year      = {2021},
	institution = {ORAN},
	month     = {03},
	version   = {v04.00}
}

@article{anu_can_1,
	title     = {On the implementation of Cognitive Autonomous Networks},
	author    = {Banerjee, Anubhab and Mwanje, Stephen S and Carle, Georg},
	journal   = {Internet Technology Letters},
	pages     = {e317},
	publisher = {Wiley Online Library},
	year      = {2021}
}

@inproceedings{anu_can_2,
	title     = {Optimal configuration determination in Cognitive Autonomous Networks},
	author    = {Banerjee, Anubhab and Mwanje, Stephen S and Carle, Georg},
	booktitle = {2021 IFIP/IEEE International Symposium on Integrated Network Management (IM)},
	pages     = {494--500},
	year      = {2021}
}

@inproceedings{dae,
	title     = {Extracting and composing robust features with denoising autoencoders},
	author    = {Vincent, Pascal and Larochelle, Hugo and Bengio, Yoshua and Manzagol, Pierre-Antoine},
	booktitle = {Proceedings of the 25th international conference on Machine learning},
	pages     = {1096--1103},
	year      = {2008}
}

@inproceedings{mida,
	title     = {Mida: Multiple imputation using denoising autoencoders},
	author    = {Gondara, Lovedeep and Wang, Ke},
	booktitle = {Pacific-Asia conference on knowledge discovery and data mining},
	pages     = {260--272},
	year      = {2018}
}

@article{vae,
	author    = {Kingma, Diederik and Welling, Max},
	year      = {2013},
	month     = {12},
	pages     = {},
	title     = {Auto-Encoding Variational Bayes},
	journal   = {ICLR}
}

@inproceedings{vaeac,
	title     = {Variational autoencoder with arbitrary conditioning},
	author    = {Ivanov, O and Figurnov, M and Vetrov, D},
	booktitle = {7th International Conference on Learning Representations, ICLR 2019},
	year      = {2019}
}

@inproceedings{miwae,
	title     = {MIWAE: Deep generative modelling and imputation of incomplete data sets},
	author    = {Mattei, Pierre-Alexandre and Frellsen, Jes},
	booktitle = {International Conference on Machine Learning},
	pages     = {4413--4423},
	year      = {2019}
}

@inproceedings{gain,
	title     = {Gain: Missing data imputation using generative adversarial nets},
	author    = {Yoon, Jinsung and Jordon, James and Schaar, Mihaela},
	booktitle = {International Conference on Machine Learning},
	pages     = {5689--5698},
	year      = {2018}
}

@inproceedings{misgan,
	title     = {MisGAN: Learning from Incomplete Data with Generative Adversarial Networks},
	author    = {Li, Steven Cheng-Xian and Jiang, Bo and Marlin, Benjamin},
	booktitle = {International Conference on Learning Representations},
	year      = {2018}
}

@inproceedings{intrusion_det,
	author    = {Rezvy, Shahadate and Luo, Yuan and Petridis, Miltos and Lasebae, Aboubaker and Zebin, Tahmina},
	booktitle = {2019 53rd Annual Conference on Information Sciences and Systems (CISS)}, 
	title     = {An efficient deep learning model for intrusion classification and prediction in 5G and IoT networks}, 
	year      = {2019},
	pages     = {1-6}
}

@inproceedings{netw_slice,
	author    = {Le, Luong-Vy and Lin, Bao-Shuh Paul and Tung, Li-Ping and Sinh, Do},
	booktitle = {2018 IEEE 5G World Forum (5GWF)}, 
	title     = {SDN/NFV, Machine Learning, and Big Data Driven Network Slicing for 5G}, 
	year      = {2018},
	pages     = {20-25}
}

@inproceedings{qoe_est,
	author    = {Schwarzmann, Susanna and Marquezan, Clarissa Cassales and Trivisonno, Riccardo and Nakajima, Shinichi and Zinner, Thomas},
	booktitle = {ICC 2020 - 2020 IEEE International Conference on Communications (ICC)}, 
	title     = {Accuracy vs. Cost Trade-off for Machine Learning Based QoE Estimation in 5G Networks}, 
	year      = {2020},
	pages     = {1-6}
}

@inproceedings{wgan,
	title     = {Wasserstein generative adversarial networks},
	author    = {Arjovsky, Martin and Chintala, Soumith and Bottou, L{\'e}on},
	booktitle = {International conference on machine learning},
	pages     = {214--223},
	year      = {2017}
}

@inproceedings{knn,
	title     = {A Study of K-Nearest Neighbour as an Imputation Method},
	author    = {Gustavo E. A. P. A. Batista and M. C. Monard},
	booktitle = {HIS},
	year      = {2002}
}

@article{mice,
	title     = {mice: Multivariate imputation by chained equations in R},
	author    = {Van Buuren, Stef and Groothuis-Oudshoorn, Karin},
	journal   = {Journal of statistical software},
	volume    = {45},
	number    = {1},
	pages     = {1--67},
	year      = {2011}
}

@article{missforest,
	title     = {MissForest—non-parametric missing value imputation for mixed-type data},
	author    = {Stekhoven, Daniel J and B{\"u}hlmann, Peter},
	journal   = {Bioinformatics},
	volume    = {28},
	number    = {1},
	pages     = {112--118},
	year      = {2012}
}

@article{dropout,
	author    = {Srivastava, Nitish and Hinton, Geoffrey and Krizhevsky, Alex and Sutskever, Ilya and Salakhutdinov, Ruslan},
	title     = {Dropout: A Simple Way to Prevent Neural Networks from Overfitting},
	year      = {2014},
	volume    = {15},
	number    = {1},
	journal   = {J. Mach. Learn. Res.},
	pages     = {1929–1958}
}

@inproceedings{hog,
	author    = {Dalal, N. and Triggs, B.},
	booktitle = {2005 IEEE Computer Society Conference on Computer Vision and Pattern Recognition (CVPR'05)}, 
	title     = {Histograms of oriented gradients for human detection}, 
	year      = {2005},
	volume    = {1},
	pages     = {886-893}
}